@book{texbook,
  author = {Donald E. Knuth},
  year = {1986},
  title = {The {\TeX} Book},
  publisher = {Addison-Wesley Professional}
}

@book{latex:companion,
  author = {Frank Mittelbach and Michel Gossens
            and Johannes Braams and David Carlisle
            and Chris Rowley},
  year = {2004},
  title = {The {\LaTeX} Companion},
  publisher = {Addison-Wesley Professional},
  edition = {2}
}

@book{latex2e,
  author = {Leslie Lamport},
  year = {1994},
  title = {{\LaTeX}: a Document Preparation System},
  publisher = {Addison Wesley},
  address = {Massachusetts},
  edition = {2}
}

@article{knuth:1984,
  title={Literate Programming},
  author={Donald E. Knuth},
  journal={The Computer Journal},
  volume={27},
  number={2},
  pages={97--111},
  year={1984},
  publisher={Oxford University Press}
}

@inproceedings{lesk:1977,
  title={Computer Typesetting of Technical Journals on {UNIX}},
  author={Michael Lesk and Brian Kernighan},
  booktitle={Proceedings of American Federation of
             Information Processing Societies: 1977
             National Computer Conference},
  pages={879--888},
  year={1977},
  address={Dallas, Texas}
}

@online{loremipsum2025,
  title     = {Lorem Ipsum: Quality Typographic Filler Text for Webmasters},
  author    = {Marek MÃ¶hling},
  year      = 2025,
  url       = {https://generator.lorem-ipsum.info/_latin},
  urldate   = {2025-07-28}
}

@online{overleafbibtex2025,
  title     = {Bibliography Management with BibTeX},
  author    = {Overleaf},
  year      = 2025,
  url       = {https://www.overleaf.com/learn/latex/Bibliography_management_with_bibtex},
  urldate   = {2025-07-28}
}

@article{immordino2007we,
  title={We feel, therefore we learn: The relevance of affective and social neuroscience to education},
  author={Immordino-Yang, Mary Helen and Damasio, Antonio},
  journal={Mind, brain, and education},
  volume={1},
  number={1},
  pages={3--10},
  year={2007},
  publisher={Wiley Online Library}
}

@book{deci2013intrinsic,
  title={Intrinsic motivation and self-determination in human behavior},
  author={Deci, Edward L and Ryan, Richard M},
  year={2013},
  publisher={Springer Science \& Business Media}
}

@book{csikszentmihalyi1990flow,
  title={Flow: The psychology of optimal experience},
  author={Csikszentmihalyi, Mihaly and Csikzentmihaly, Mihaly},
  volume={1990},
  year={1990},
  publisher={Harper \& Row New York}
}

@book{kolb84,
  author = {D.A. Kolb},
  title = {Experiential learning: experience as the source of learning and development},
  year = {1984},
  publisher = {Prentice Hall}
}

@article{freeman2014active,
  title={Active learning increases student performance in science, engineering, and mathematics},
  author={Freeman, Scott and Eddy, Sarah L and McDonough, Miles and Smith, Michelle K and Okoroafor, Nnadozie and Jordt, Hannah and Wenderoth, Mary Pat},
  journal={Proceedings of the national academy of sciences},
  volume={111},
  number={23},
  pages={8410--8415},
  year={2014},
  publisher={National Academy of Sciences}
}

@article{theobald2020active,
  title={Active learning narrows achievement gaps for underrepresented students in undergraduate science, technology, engineering, and math},
  author={Theobald, Elli J and Hill, Mariah J and Tran, Elisa and Agrawal, Sweta and Arroyo, E Nicole and Behling, Shawn and Chambwe, Nyasha and Cintr{\'o}n, Dianne Laboy and Cooper, Jacob D and Dunster, Gideon and others},
  journal={Proceedings of the National Academy of Sciences},
  volume={117},
  number={12},
  pages={6476--6483},
  year={2020},
  publisher={National Academy of Sciences}
}

@book{barrows1980problem,
  title={Problem-based learning: An approach to medical education},
  author={Barrows, Howard S and Tamblyn, Robyn M},
  year={1980},
  publisher={Springer Publishing Company}
}

@article{bruner1961act,
  title={The act of discovery.},
  author={Bruner, Jerome S},
  journal={Harvard educational review},
  year={1961},
  publisher={Harvard Education Publishing Group}
}

@book{piaget2013construction,
  title={The construction of reality in the child},
  author={Piaget, Jean},
  year={2013},
  publisher={Routledge}
}

@article{brown1989situated,
  title={Situated cognition and the culture of learning},
  author={Brown, John Seely and Collins, Allan and Duguid, Paul},
  journal={1989},
  volume={18},
  number={1},
  pages={32--42},
  year={1989}
}

@incollection{mayer2002multimedia,
  title={Multimedia learning},
  author={Mayer, Richard E},
  booktitle={Psychology of learning and motivation},
  volume={41},
  pages={85--139},
  year={2002},
  publisher={Elsevier}
}
